@article{coutsias2004using,
  title={Using quaternions to calculate RMSD},
  author={Coutsias, Evangelos A and Seok, Chaok and Dill, Ken A},
  journal={Journal of computational chemistry},
  volume={25},
  number={15},
  pages={1849--1857},
  year={2004},
  publisher={Wiley Online Library}
}